<record xmlns="http://www.loc.gov/MARC21/slim" xmlns:xsi="http://www.w3.org/2001/XMLSchema-instance" xsi:schemaLocation="http://www.loc.gov/MARC21/slim http://www.loc.gov/standards/marcxml/schema/MARC21slim.xsd">

  <leader>00747nam a2200193Ia 4500</leader>
  <datafield tag="999" ind2=" " ind1=" ">
    <subfield code="c">1976</subfield>
    <subfield code="d">1976</subfield>
  </datafield>
  <controlfield tag="008">180703b2012    cr ||||| |||| 00| | spa d</controlfield>
  <datafield tag="090" ind2=" " ind1=" ">
    <subfield code="a">06.05.03 </subfield>
    <subfield code="b">793</subfield>
  </datafield>
  <datafield tag="100" ind1=" " ind2=" ">
    <subfield code="a">Barrantes Acuña, Danny</subfield>
    <subfield code="9">3902</subfield>
  </datafield>
  <datafield ind2="0" ind1="1" tag="245">
    <subfield code="a">Perspectivas y relación de los medios digitales y la docencia universitaria en la Universidad de Costa Rica /</subfield>
    <subfield code="c"> Danny Acuña Barrantes</subfield>
  </datafield>
  <datafield ind2=" " ind1=" " tag="260">
    <subfield code="a">San José, Costa Rica : </subfield>
    <subfield code="b">INIE, </subfield>
    <subfield code="c">2012</subfield>
  </datafield>
  <datafield tag="300" ind2=" " ind1=" ">
    <subfield code="a">92 páginas</subfield>
  </datafield>
  <datafield ind1=" " ind2=" " tag="500">
    <subfield code="a">Informe final proyecto de investigación N° 724-B1-060</subfield>
  </datafield>
  <datafield ind1="1" ind2="4" tag="650">
    <subfield code="a">TECNOLOGÍA EDUCATIVA </subfield>
    <subfield code="9">483</subfield>
  </datafield>
  <datafield ind1="1" ind2="4" tag="650">
    <subfield code="a">EDUCACIÓN SUPERIOR</subfield>
    <subfield code="9">8</subfield>
  </datafield>
  <datafield ind2="4" ind1="1" tag="650">
    <subfield code="a">DOCENCIA UNIVERSITARIA</subfield>
    <subfield code="9">920</subfield>
  </datafield>
  <datafield tag="650" ind2="4" ind1="1">
    <subfield code="a">TECNOLOGÍA DE LA INFORMACIÓN </subfield>
    <subfield code="9">484</subfield>
  </datafield>
  <datafield tag="650" ind2="4" ind1="1">
    <subfield code="a">TECNOLOGÍA DE LAS COMUNICACIONES</subfield>
    <subfield code="9">925</subfield>
  </datafield>
  <datafield ind2=" " ind1=" " tag="942">
    <subfield code="2">z</subfield>
    <subfield code="c">04</subfield>
  </datafield>
</record>